Order Date,Sales
2014-03-31,6959.066
2014-06-30,11111.0636
2014-09-30,15604.944
2014-12-31,25659.837199999998
2015-03-31,5274.0506000000005
2015-06-30,10293.6485
2015-09-30,17841.229
2015-12-31,24245.9174
2016-03-31,12294.507
2016-06-30,14241.498
2016-09-30,23665.3743
2016-12-31,24879.392
2017-03-31,13180.6942
2017-06-30,19516.534499999998
2017-09-30,19446.137
2017-12-31,34688.0618
